@ARTICLE{Blazek2012,
   author = {{Blazek}, J. and {Mandelbaum}, R. and {Seljak}, U. and {Nakajima}, R.
	},
    title = "{Separating intrinsic alignment and galaxy-galaxy lensing}",
  journal = {\jcap},
archivePrefix = "arXiv",
   eprint = {arXiv: 1204.2264},
 primaryClass = "astro-ph.CO",
     year = 2012,
    month = May,
   volume = 5,
      eid = {041},
    pages = {041},
      doi = {10.1088/1475-7516/2012/05/041},
   adsurl = {http://adsabs.harvard.edu/abs/2012JCAP...05..041B},
  adsnote = {Provided by the SAO/NASA Astrophysics Data System}
}

@ARTICLE{Singh2016,
   author = {{Singh}, S. and {Mandelbaum}, R.},
    title = "{Intrinsic alignments of BOSS LOWZ galaxies - II. Impact of shape measurement methods}",
  journal = {\mnras},
archivePrefix = "arXiv",
   eprint = {arXiv: 1510.06752},
 keywords = {gravitational lensing: weak, galaxies: evolution, cosmology: observations, large-scale structure of Universe},
     year = 2016,
    month = apr,
   volume = 457,
    pages = {2301-2317},
      doi = {10.1093/mnras/stw144},
   adsurl = {http://adsabs.harvard.edu/abs/2016MNRAS.457.2301S},
  adsnote = {Provided by the SAO/NASA Astrophysics Data System}
}


@ARTICLE{Nakajima2011,
   author = {{Nakajima}, R. and {Mandelbaum}, R. and {Seljak}, U. and {Cohn}, J.~D. and 
	{Reyes}, R. and {Cool}, R.},
    title = "{Photometric redshift requirements for lens galaxies in galaxy-galaxy lensing analyses}",
  journal = {\mnras},
archivePrefix = "arXiv",
   eprint = {arXiv: 1107.1395},
 keywords = {gravitational lensing: weak, methods: data analysis, galaxies: distances and redshifts, cosmology: observations},
     year = 2012,
    month = mar,
   volume = 420,
    pages = {3240-3263},
      doi = {10.1111/j.1365-2966.2011.20249.x},
   adsurl = {http://adsabs.harvard.edu/abs/2012MNRAS.420.3240N},
  adsnote = {Provided by the SAO/NASA Astrophysics Data System}
}

@ARTICLE{Zu2015,
   author = {{Zu}, Y. and {Mandelbaum}, R.},
    title = "{Mapping stellar content to dark matter haloes using galaxy clustering and galaxy-galaxy lensing in the SDSS DR7}",
  journal = {\mnras},
archivePrefix = "arXiv",
   eprint = {arXiv: 1505.02781},
 keywords = {gravitational lensing: weak, methods: statistical, galaxies: luminosity function, mass function, cosmology: observations, large-scale structure of Universe},
     year = 2015,
    month = dec,
   volume = 454,
    pages = {1161-1191},
      doi = {10.1093/mnras/stv2062},
   adsurl = {http://adsabs.harvard.edu/abs/2015MNRAS.454.1161Z},
  adsnote = {Provided by the SAO/NASA Astrophysics Data System}
}

@ARTICLE{ReidSpergel,
   author = {{Reid}, B.~A. and {Spergel}, D.~N.},
    title = "{Constraining the Luminous Red Galaxy Halo Occupation Distribution Using Counts-In-Cylinders}",
  journal = {\apj},
archivePrefix = "arXiv",
   eprint = {arXiv: 0809.4505},
 keywords = {cosmology: observations, galaxies: clusters: general, galaxies: elliptical and lenticular, cD, galaxies: halos, galaxies: statistics},
     year = 2009,
    month = jun,
   volume = 698,
    pages = {143-154},
      doi = {10.1088/0004-637X/698/1/143},
   adsurl = {http://adsabs.harvard.edu/abs/2009ApJ...698..143R},
  adsnote = {Provided by the SAO/NASA Astrophysics Data System}
}

@ARTICLE{Leauthaud2011,
   author = {{Leauthaud}, A. and {Tinker}, J. and {Behroozi}, P.~S. and {Busha}, M.~T. and 
	{Wechsler}, R.~H.},
    title = "{A Theoretical Framework for Combining Techniques that Probe the Link Between Galaxies and Dark Matter}",
  journal = {\apj},
archivePrefix = "arXiv",
   eprint = {arXiv: 1103.2077},
 keywords = {cosmology: observations, dark matter, gravitational lensing: weak},
     year = 2011,
    month = sep,
   volume = 738,
      eid = {45},
    pages = {45},
      doi = {10.1088/0004-637X/738/1/45},
   adsurl = {http://adsabs.harvard.edu/abs/2011ApJ...738...45L},
  adsnote = {Provided by the SAO/NASA Astrophysics Data System}
}


@ARTICLE{Chang2013,
   author = {{Chang}, C. and {Jarvis}, M. and {Jain}, B. and {Kahn}, S.~M. and 
	{Kirkby}, D. and {Connolly}, A. and {Krughoff}, S. and {Peng}, E.-H. and 
	{Peterson}, J.~R.},
    title = "{The effective number density of galaxies for weak lensing measurements in the LSST project}",
  journal = {\mnras},
archivePrefix = "arXiv",
   eprint = {arXiv: 1305.0793},
 keywords = {methods: data analysis, cosmology: observations},
     year = 2013,
    month = sep,
   volume = 434,
    pages = {2121-2135},
      doi = {10.1093/mnras/stt1156},
   adsurl = {http://adsabs.harvard.edu/abs/2013MNRAS.434.2121C},
  adsnote = {Provided by the SAO/NASA Astrophysics Data System}
}

@ARTICLE{DESI_Experiment,
   author = {{DESI Collaboration} and {Aghamousa}, A. and {Aguilar}, J. and 
	{Ahlen}, S. and {Alam}, S. and {Allen}, L.~E. and {Allende Prieto}, C. and 
	{Annis}, J. and {Bailey}, S. and {Balland}, C. and et al.},
    title = "{The DESI Experiment Part I: Science,Targeting, and Survey Design}",
  journal = {ArXiv e-prints},
archivePrefix = "arXiv",
   eprint = {arXiv: 1611.00036},
 primaryClass = "astro-ph.IM",
 keywords = {Astrophysics - Instrumentation and Methods for Astrophysics, Astrophysics - Cosmology and Nongalactic Astrophysics},
     year = 2016,
    month = oct,
   adsurl = {http://adsabs.harvard.edu/abs/2016arXiv161100036D},
  adsnote = {Provided by the SAO/NASA Astrophysics Data System}
}


@ARTICLE{Coil2008,
   author = {{Coil}, A.~L. and {Newman}, J.~A. and {Croton}, D. and {Cooper}, M.~C. and 
	{Davis}, M. and {Faber}, S.~M. and {Gerke}, B.~F. and {Koo}, D.~C. and 
	{Padmanabhan}, N. and {Wechsler}, R.~H. and {Weiner}, B.~J.},
    title = "{The DEEP2 Galaxy Redshift Survey: Color and Luminosity Dependence of Galaxy Clustering at z \~{} 1}",
  journal = {\apj},
archivePrefix = "arXiv",
   eprint = {arXiv: 0708.0004},
 keywords = {galaxies: evolution, galaxies: high-redshift, large-scale structure of universe},
     year = 2008,
    month = jan,
   volume = 672,
      eid = {153-176},
    pages = {153-176},
      doi = {10.1086/523639},
   adsurl = {http://adsabs.harvard.edu/abs/2008ApJ...672..153C},
  adsnote = {Provided by the SAO/NASA Astrophysics Data System}
}

@article{DESI_short_whitepaper,
  title={Spectroscopic Needs for Calibration of LSST Photometric Redshifts},
  author={Samuel J. Schmidt and Jeffrey A. Newman and Alexandra Abate and Filipe B. Abdalla and Sahar Allam and Steven W. Allen and Réza Ansari and Stephen Bailey and Wayne A. Barkhouse and Timothy C. Beers and Michael R. Blanton and Mark Brodwin and Joel R. Brownstein and Robert J. Brunner and Matias Carrasco Kind and Jorge L. Cervantes-Cota and Elliott Cheu and Nora Elisa Chisari and Matthew Colless and Johan Comparat and Jean Coupon and Carlos E. Cunha and Axel de la Macorra and Ian P. Dell’Antonio and Brenda L. Frye and Eric J. Gawiser and Neil Gehrels and Kevin Grady and Alex Hagen and P. Hall and Andew P. Hearin and Hendrik Hildebrandt and Christopher M. Hirata and Shirley
Ho and Klaus Honscheid and Dragan Huterer and  Željko  Ivezić and Jean-Paul Kneib and Jeffrey W. Kruk and Ofer Lahav and Rachel Mandelbaum and Jennifer L. Marshall and Daniel J. Matthews and B. Ménard and Ramon Miquel and Marc Moniez and H. W. Moos and John Moustakas and Adam D. Myers and C. Papovich and John A. Peacock and Changbom Park and Mubdi Rahman and Jason Rhodes and Jean-Stephane Ricol and Iftach Sadeh and  Anže  Slozar and Daniel K. Stern and J. Anthony Tyson and A. von der Linden and R. Wechsler and W. M. Wood-Vasey and Andrew R. Zentner},
  eprint={arXiv: 1410.4506},
  journal={arXiv e-print},
  year={2014}
}


@ARTICLE{Krause2015,
   author = {{Krause}, E. and {Eifler}, T. and {Blazek}, J.},
    title = "{The impact of intrinsic alignment on current and future cosmic shear surveys}",
  journal = {\mnras},
archivePrefix = "arXiv",
   eprint = {arXiv: 1506.08730},
 keywords = {cosmology: theory},
     year = 2016,
    month = feb,
   volume = 456,
    pages = {207-222},
      doi = {10.1093/mnras/stv2615},
   adsurl = {http://adsabs.harvard.edu/abs/2016MNRAS.456..207K},
  adsnote = {Provided by the SAO/NASA Astrophysics Data System}
}

@ARTICLE{Jeong2009,
   author = {{Jeong}, D. and {Komatsu}, E. and {Jain}, B.},
    title = "{Galaxy-CMB and galaxy-galaxy lensing on large scales: Sensitivity to primordial non-Gaussianity}",
  journal = {\prd},
archivePrefix = "arXiv",
   eprint = {arXiv: 0910.1361},
 keywords = {Gravitational lenses and luminous arcs, Galaxy groups clusters and superclusters, large scale structure of the Universe, Cosmology},
     year = 2009,
    month = dec,
   volume = 80,
   number = 12,
      eid = {123527},
    pages = {123527},
      doi = {10.1103/PhysRevD.80.123527},
   adsurl = {http://adsabs.harvard.edu/abs/2009PhRvD..80l3527J},
  adsnote = {Provided by the SAO/NASA Astrophysics Data System}
}

@ARTICLE{Reyes2012,
   author = {{Reyes}, R. and {Mandelbaum}, R. and {Gunn}, J.~E. and {Nakajima}, R. and 
	{Seljak}, U. and {Hirata}, C.~M.},
    title = "{Optical-to-virial velocity ratios of local disc galaxies from combined kinematics and galaxy-galaxy lensing}",
  journal = {\mnras},
archivePrefix = "arXiv",
   eprint = {arXiv: 1110.4107},
 keywords = {gravitational lensing: weak, galaxies: kinematics and dynamics, galaxies: spiral},
     year = 2012,
    month = oct,
   volume = 425,
    pages = {2610-2640},
      doi = {10.1111/j.1365-2966.2012.21472.x},
   adsurl = {http://adsabs.harvard.edu/abs/2012MNRAS.425.2610R},
  adsnote = {Provided by the SAO/NASA Astrophysics Data System}
}


@ARTICLE{Singh2014,
   author = {{Singh}, S. and {Mandelbaum}, R. and {More}, S.},
    title = "{Intrinsic alignments of SDSS-III BOSS LOWZ sample galaxies}",
  journal = {\mnras},
archivePrefix = "arXiv",
   eprint = {arXiv: 1411.1755},
 keywords = {gravitational lensing: weak, galaxies: evolution, cosmology: observations, large-scale structure of Universe},
     year = 2015,
    month = jun,
   volume = 450,
    pages = {2195-2216},
      doi = {10.1093/mnras/stv778},
   adsurl = {http://adsabs.harvard.edu/abs/2015MNRAS.450.2195S},
  adsnote = {Provided by the SAO/NASA Astrophysics Data System}
}

@ARTICLE{Schneider2010,
   author = {{Schneider}, M.~D. and {Bridle}, S.},
    title = "{A halo model for intrinsic alignments of galaxy ellipticities}",
  journal = {\mnras},
archivePrefix = "arXiv",
   eprint = {arXiv: 0903.3870},
 keywords = {galaxies: haloes, galaxies: statistics, cosmological parameters, cosmology: theory},
     year = 2010,
    month = mar,
   volume = 402,
    pages = {2127-2139},
      doi = {10.1111/j.1365-2966.2009.15956.x},
   adsurl = {http://adsabs.harvard.edu/abs/2010MNRAS.402.2127S},
  adsnote = {Provided by the SAO/NASA Astrophysics Data System}
}

@ARTICLE{Lesgourges2011,
   author = {{Lesgourgues}, J.},
    title = "{The Cosmic Linear Anisotropy Solving System (CLASS) I: Overview}",
  journal = {ArXiv e-prints},
archivePrefix = "arXiv",
   eprint = {1104.2932},
 primaryClass = "astro-ph.IM",
 keywords = {Astrophysics - Instrumentation and Methods for Astrophysics, Astrophysics - Cosmology and Extragalactic Astrophysics},
     year = 2011,
    month = apr,
   adsurl = {http://adsabs.harvard.edu/abs/2011arXiv1104.2932L},
  adsnote = {Provided by the SAO/NASA Astrophysics Data System}
}


@ARTICLE{Navarro1997,
   author = {{Navarro}, J.~F. and {Frenk}, C.~S. and {White}, S.~D.~M.},
    title = "{A Universal Density Profile from Hierarchical Clustering}",
  journal = {\apj},
   eprint = {astro-ph/9611107},
 keywords = {Cosmology: Theory, Cosmology: Dark Matter, Galaxies: Halos, Methods: Numerical},
     year = 1997,
    month = dec,
   volume = 490,
    pages = {493-508},
      doi = {10.1086/304888},
   adsurl = {http://adsabs.harvard.edu/abs/1997ApJ...490..493N},
  adsnote = {Provided by the SAO/NASA Astrophysics Data System}
}

@ARTICLE{Bridle2007,
   author = {{Bridle}, S. and {King}, L.},
    title = "{Dark energy constraints from cosmic shear power spectra: impact of intrinsic alignments on photometric redshift requirements}",
  journal = {New Journal of Physics},
archivePrefix = "arXiv",
   eprint = {0705.0166},
     year = 2007,
    month = dec,
   volume = 9,
    pages = {444},
      doi = {10.1088/1367-2630/9/12/444},
   adsurl = {http://adsabs.harvard.edu/abs/2007NJPh....9..444B},
  adsnote = {Provided by the SAO/NASA Astrophysics Data System}
}


@ARTICLE{Kazin2010,
   author = {{Kazin}, E.~A. and {Blanton}, M.~R. and {Scoccimarro}, R. and 
	{McBride}, C.~K. and {Berlind}, A.~A. and {Bahcall}, N.~A. and 
	{Brinkmann}, J. and {Czarapata}, P. and {Frieman}, J.~A. and 
	{Kent}, S.~M. and {Schneider}, D.~P. and {Szalay}, A.~S.},
    title = "{The Baryonic Acoustic Feature and Large-Scale Clustering in the Sloan Digital Sky Survey Luminous Red Galaxy Sample}",
  journal = {\apj},
archivePrefix = "arXiv",
   eprint = {0908.2598},
 primaryClass = "astro-ph.CO",
 keywords = {cosmology: observations, distance scale, galaxies: elliptical and lenticular, cD, large-scale structure of universe},
     year = 2010,
    month = feb,
   volume = 710,
    pages = {1444-1461},
      doi = {10.1088/0004-637X/710/2/1444},
   adsurl = {http://adsabs.harvard.edu/abs/2010ApJ...710.1444K},
  adsnote = {Provided by the SAO/NASA Astrophysics Data System}
}

@ARTICLE{DESIExperiment,
   author = {{DESI Collaboration} and {Aghamousa}, A. and {Aguilar}, J. and 
	{Ahlen}, S. and {Alam}, S. and {Allen}, L.~E. and {Allende Prieto}, C. and 
	{Annis}, J. and {Bailey}, S. and {Balland}, C. and et al.},
    title = "{The DESI Experiment Part I: Science,Targeting, and Survey Design}",
  journal = {ArXiv e-prints},
archivePrefix = "arXiv",
   eprint = {1611.00036},
 primaryClass = "astro-ph.IM",
 keywords = {Astrophysics - Instrumentation and Methods for Astrophysics, Astrophysics - Cosmology and Nongalactic Astrophysics},
     year = 2016,
    month = oct,
   adsurl = {http://adsabs.harvard.edu/abs/2016arXiv161100036D},
  adsnote = {Provided by the SAO/NASA Astrophysics Data System}
}

@ARTICLE{Schmidt2014,
   author = {{Schmidt}, S.~J. and {Newman}, J.~A. and {Abate}, A. and {the Spectroscopic Needs White Paper Team}
	},
    title = "{Spectroscopic Needs for Calibration of LSST Photometric Redshifts}",
  journal = {ArXiv e-prints},
archivePrefix = "arXiv",
   eprint = {1410.4506},
 primaryClass = "astro-ph.IM",
 keywords = {Astrophysics - Instrumentation and Methods for Astrophysics, Astrophysics - Cosmology and Nongalactic Astrophysics},
     year = 2014,
    month = oct,
   adsurl = {http://adsabs.harvard.edu/abs/2014arXiv1410.4506S},
  adsnote = {Provided by the SAO/NASA Astrophysics Data System}
}

@ARTICLE{Faber2007,
   author = {{Faber}, S.~M. and {Willmer}, C.~N.~A. and {Wolf}, C. and {Koo}, D.~C. and 
	{Weiner}, B.~J. and {Newman}, J.~A. and {Im}, M. and {Coil}, A.~L. and 
	{Conroy}, C. and {Cooper}, M.~C. and {Davis}, M. and {Finkbeiner}, D.~P. and 
	{Gerke}, B.~F. and {Gebhardt}, K. and {Groth}, E.~J. and {Guhathakurta}, P. and 
	{Harker}, J. and {Kaiser}, N. and {Kassin}, S. and {Kleinheinrich}, M. and 
	{Konidaris}, N.~P. and {Kron}, R.~G. and {Lin}, L. and {Luppino}, G. and 
	{Madgwick}, D.~S. and {Meisenheimer}, K. and {Noeske}, K.~G. and 
	{Phillips}, A.~C. and {Sarajedini}, V.~L. and {Schiavon}, R.~P. and 
	{Simard}, L. and {Szalay}, A.~S. and {Vogt}, N.~P. and {Yan}, R.
	},
    title = "{Galaxy Luminosity Functions to z\~{}1 from DEEP2 and COMBO-17: Implications for Red Galaxy Formation}",
  journal = {\apj},
   eprint = {arXiv: astro-ph/0506044},
 keywords = {Galaxies: Distances and Redshifts, Galaxies: Evolution, Galaxies: Luminosity Function, Mass Function},
     year = 2007,
    month = aug,
   volume = 665,
    pages = {265-294},
      doi = {10.1086/519294},
   adsurl = {http://adsabs.harvard.edu/abs/2007ApJ...665..265F},
  adsnote = {Provided by the SAO/NASA Astrophysics Data System}
}

@ARTICLE{Loveday2012,
   author = {{Loveday}, J. and {Norberg}, P. and {Baldry}, I.~K. and {Driver}, S.~P. and 
	{Hopkins}, A.~M. and {Peacock}, J.~A. and {Bamford}, S.~P. and 
	{Liske}, J. and {Bland-Hawthorn}, J. and {Brough}, S. and {Brown}, M.~J.~I. and 
	{Cameron}, E. and {Conselice}, C.~J. and {Croom}, S.~M. and 
	{Frenk}, C.~S. and {Gunawardhana}, M. and {Hill}, D.~T. and 
	{Jones}, D.~H. and {Kelvin}, L.~S. and {Kuijken}, K. and {Nichol}, R.~C. and 
	{Parkinson}, H.~R. and {Phillipps}, S. and {Pimbblet}, K.~A. and 
	{Popescu}, C.~C. and {Prescott}, M. and {Robotham}, A.~S.~G. and 
	{Sharp}, R.~G. and {Sutherland}, W.~J. and {Taylor}, E.~N. and 
	{Thomas}, D. and {Tuffs}, R.~J. and {van Kampen}, E. and {Wijesinghe}, D.
	},
    title = "{Galaxy and Mass Assembly (GAMA): ugriz galaxy luminosity functions}",
  journal = {\mnras},
archivePrefix = "arXiv",
   eprint = {arXiv: 1111.0166},
 keywords = {galaxies: evolution, galaxies: luminosity function, mass function, galaxies: statistics},
     year = 2012,
    month = feb,
   volume = 420,
    pages = {1239-1262},
      doi = {10.1111/j.1365-2966.2011.20111.x},
   adsurl = {http://adsabs.harvard.edu/abs/2012MNRAS.420.1239L},
  adsnote = {Provided by the SAO/NASA Astrophysics Data System}
}

@ARTICLE{Reid2009,
   author = {{Reid}, B.~A. and {Spergel}, D.~N.},
    title = "{Constraining the Luminous Red Galaxy Halo Occupation Distribution Using Counts-In-Cylinders}",
  journal = {\apj},
archivePrefix = "arXiv",
   eprint = {0809.4505},
 keywords = {cosmology: observations, galaxies: clusters: general, galaxies: elliptical and lenticular, cD, galaxies: halos, galaxies: statistics},
     year = 2009,
    month = jun,
   volume = 698,
    pages = {143-154},
      doi = {10.1088/0004-637X/698/1/143},
   adsurl = {http://adsabs.harvard.edu/abs/2009ApJ...698..143R},
  adsnote = {Provided by the SAO/NASA Astrophysics Data System}
}

@ARTICLE{More2015,
   author = {{More}, S. and {Miyatake}, H. and {Mandelbaum}, R. and {Takada}, M. and 
	{Spergel}, D.~N. and {Brownstein}, J.~R. and {Schneider}, D.~P.
	},
    title = "{The Weak Lensing Signal and the Clustering of BOSS Galaxies. II. Astrophysical and Cosmological Constraints}",
  journal = {\apj},
archivePrefix = "arXiv",
   eprint = {1407.1856},
 keywords = {cosmological parameters, cosmology: observations, cosmology: theory, dark matter, gravitational lensing: weak, large-scale structure of universe},
     year = 2015,
    month = jun,
   volume = 806,
      eid = {2},
    pages = {2},
      doi = {10.1088/0004-637X/806/1/2},
   adsurl = {http://adsabs.harvard.edu/abs/2015ApJ...806....2M},
  adsnote = {Provided by the SAO/NASA Astrophysics Data System}
}

@ARTICLE{Singh2016b,
   author = {{Singh}, S. and {Mandelbaum}, R. and {Seljak}, U. and {Slosar}, A. and 
	{Vazquez Gonzalez}, J.},
    title = "{Galaxy-galaxy lensing estimators and their covariance properties}",
  journal = {ArXiv e-prints},
archivePrefix = "arXiv",
   eprint = {1611.00752},
 keywords = {Astrophysics - Cosmology and Nongalactic Astrophysics},
     year = 2016,
    month = nov,
   adsurl = {http://adsabs.harvard.edu/abs/2016arXiv161100752S},
  adsnote = {Provided by the SAO/NASA Astrophysics Data System}
}








